<?xml version="1.0" encoding="UTF-8"?><record xmlns="http://www.loc.gov/MARC21/slim" xmlns:cinclude="http://apache.org/cocoon/include/1.0" xmlns:zs="http://www.loc.gov/zing/srw/">
  <leader>02019nz  a2200325n  4500</leader>
  <controlfield tag="001">nb2012029120</controlfield>
  <controlfield tag="003">DLC</controlfield>
  <controlfield tag="005">20121212075156.0</controlfield>
  <controlfield tag="008">121210n| azannaabn          |n aaa      </controlfield>
  <datafield tag="010" ind1=" " ind2=" ">
    <subfield code="a">nb2012029120</subfield>
  </datafield>
  <datafield tag="035" ind1=" " ind2=" ">
    <subfield code="a">(Uk)008641809</subfield>
  </datafield>
  <datafield tag="040" ind1=" " ind2=" ">
    <subfield code="a">Uk</subfield>
    <subfield code="b">eng</subfield>
    <subfield code="c">Uk</subfield>
    <subfield code="e">rda</subfield>
  </datafield>
  <datafield tag="046" ind1=" " ind2=" ">
    <subfield code="f">19511231</subfield>
  </datafield>
  <datafield tag="100" ind1="1" ind2=" ">
    <subfield code="a">Whelan, Robert,</subfield>
    <subfield code="d">1951-</subfield>
  </datafield>
  <datafield tag="370" ind1=" " ind2=" ">
    <subfield code="f">Cambridge, England</subfield>
    <subfield code="f">London, England</subfield>
  </datafield>
  <datafield tag="372" ind1=" " ind2=" ">
    <subfield code="a">Education</subfield>
    <subfield code="a">Medical care</subfield>
    <subfield code="a">Voluntarism</subfield>
    <subfield code="2">lcsh</subfield>
  </datafield>
  <datafield tag="373" ind1=" " ind2=" ">
    <subfield code="a">Institute of Economic Affairs (Great Britain). Health and Welfare Unit</subfield>
    <subfield code="a">Family Education Trust (Family &amp; Youth Concern)</subfield>
    <subfield code="a">Institute for the Study of Civil Society</subfield>
    <subfield code="a">Ruskin Society of London</subfield>
    <subfield code="2">naf</subfield>
  </datafield>
  <datafield tag="373" ind1=" " ind2=" ">
    <subfield code="a">New Model School (London, England)</subfield>
  </datafield>
  <datafield tag="374" ind1=" " ind2=" ">
    <subfield code="a">Political activists</subfield>
    <subfield code="a">English teachers</subfield>
    <subfield code="a">Publishers and publishing</subfield>
    <subfield code="2">lcsh</subfield>
  </datafield>
  <datafield tag="375" ind1=" " ind2=" ">
    <subfield code="a">male</subfield>
  </datafield>
  <datafield tag="377" ind1=" " ind2=" ">
    <subfield code="a">eng</subfield>
  </datafield>
  <datafield tag="378" ind1=" " ind2=" ">
    <subfield code="q">Robert George</subfield>
  </datafield>
  <datafield tag="667" ind1=" " ind2=" ">
    <subfield code="a">Formerly on undifferentiated name record n96045806</subfield>
  </datafield>
  <datafield tag="670" ind1=" " ind2=" ">
    <subfield code="a">The cross and the rain forest, 1996:</subfield>
    <subfield code="b">CIP t.p. (Robert Whelan)</subfield>
  </datafield>
  <datafield tag="670" ind1=" " ind2=" ">
    <subfield code="a">Phone call to pub., 05-08-96</subfield>
    <subfield code="b">(British; asst. dir., Hlth &amp; Welfare Unit, Inst. of Econ. Affairs; produces videos, etc. thru Fam. Ed. Trust)</subfield>
  </datafield>
  <datafield tag="670" ind1=" " ind2=" ">
    <subfield code="a">Making a lottery of good causes, 1995:</subfield>
    <subfield code="b">t.p. (Robert Whelan)</subfield>
  </datafield>
  <datafield tag="670" ind1=" " ind2=" ">
    <subfield code="a">Legal abortion examined, 1992:</subfield>
    <subfield code="b">t.p. (Robert Whelan [British])</subfield>
  </datafield>
  <datafield tag="670" ind1=" " ind2=" ">
    <subfield code="a">Octavia Hill's letters to fellow workers 1872-1911, 2005:</subfield>
    <subfield code="b">t.p. (Robert Whelan) p. xxiii (deputy dir. of Civitas; lists works)</subfield>
  </datafield>
  <datafield tag="670" ind1=" " ind2=" ">
    <subfield code="a">New Model School website, 10 December 2012:</subfield>
    <subfield code="b">board of governors (Robert Whelan MA (Cantab), a director of NMS, is the author of a number of books on education and the history of voluntary action. He was formerly deputy director of the think-tank Civitas and director of the Family Education Trust and is chairman of the Ruskin Society and teaches English at a Saturday school in East London)</subfield>
  </datafield>
  <datafield tag="670" ind1=" " ind2=" ">
    <subfield code="a">Dellam Corporate Information website, 10 December 2012:</subfield>
    <subfield code="b">The New Model School Company Ltd. (Robert George Whelan, born 31 December 1951; occupation: publisher)</subfield>
  </datafield>
</record>